@inproceedings{xfoil,
	author = {Drela, Mark},
	year = {1989},
	month = {06},
	pages = {},
	title = {XFOIL: An Analysis and Design System for Low Reynolds Number Airfoils},
	volume = {54},
	isbn = {978-3-540-51884-6},
	doi = {10.1007/978-3-642-84010-4_1}
}

@article{ccblade,
	title = {Using blade element momentum methods with gradient-based design optimization},
	volume = {64},
	issn = {1615-147X, 1615-1488},
	url = {https://link.springer.com/10.1007/s00158-021-02883-6},
	doi = {10.1007/s00158-021-02883-6},
	language = {en},
	number = {2},
	urldate = {2022-05-26},
	journal = {Structural and Multidisciplinary Optimization},
	author = {Ning, Andrew},
	month = aug,
	year = {2021},
	pages = {991--1014},
}

@technicalreport{weko_1907_1,
	author = "Adachi, Norihiko and Kobayashi, Sora and Hakoshima, Hideaki and Nishizawa, Kei",
	title = "Experimental study on energy regeneration using propeller blades in electrified aircraft",
	month = "jul",
	year = "2015"
}


@book{lewis_1991,
	address = {Cambridge ; New York},
	series = {Cambridge engine technology series},
	title = {Vortex element methods for fluid dynamic analysis of engineering systems},
	isbn = {9780521360104},
	number = {1},
	publisher = {Cambridge University Press},
	author = {Lewis, R. I.},
	year = {1991},
	keywords = {Turbomachines, Fluid dynamics Mathematical models, Fluid dynamics, Mathematical models, Vortex-motion, Mathematical models},
}


@mastersthesis{schaller_2007,
	annote = {/Users/jmehr/Box Sync/Reading/ducted_rotor_opt/notes/202207081026-schaller_2007.md},
	author = {David Schaller},
	date-added = {2022-07-08 10:23:31 -0600},
	date-modified = {2022-07-08 10:29:49 -0600},
	month = {January},
	school = {Iowa State University},
	title = {A technique for shape optimization of ducted fans},
	type = {Thesis},
	year = {2007},
	bdsk-file-1 = {YnBsaXN0MDDSAQIDBFxyZWxhdGl2ZVBhdGhZYWxpYXNEYXRhXxBUZHVjdGVkX3JvdG9yX29wdC9TY2hhbGxlcl8yMDA3X0EgdGVjaG5pcXVlIGZvciBzaGFwZSBvcHRpbWl6YXRpb24gb2YgZHVjdGVkIGZhbnMucGRmTxECUgAAAAACUgACAAAMTWFjaW50b3NoIEhEAAAAAAAAAAAAAAAAAAAAAAAAAEJEAAH/////H1NjaGFsbGVyXzIwMDdfQSB0ZSNGRkZGRkZGRi5wZGYAAAAAAAAAAAAAAAAAAAAAAAAAAAAAAAAAAAAAAAAAAP////8AAAAAAAAAAAAAAAAAAQADAAAKIGN1AAAAAAAAAAAAAAAAABBkdWN0ZWRfcm90b3Jfb3B0AAIAcy86VXNlcnM6am1laHI6Qm94IFN5bmM6UmVhZGluZzpkdWN0ZWRfcm90b3Jfb3B0OlNjaGFsbGVyXzIwMDdfQSB0ZWNobmlxdWUgZm9yIHNoYXBlIG9wdGltaXphdGlvbiBvZiBkdWN0ZWQgZmFucy5wZGYAAA4AiABDAFMAYwBoAGEAbABsAGUAcgBfADIAMAAwADcAXwBBACAAdABlAGMAaABuAGkAcQB1AGUAIABmAG8AcgAgAHMAaABhAHAAZQAgAG8AcAB0AGkAbQBpAHoAYQB0AGkAbwBuACAAbwBmACAAZAB1AGMAdABlAGQAIABmAGEAbgBzAC4AcABkAGYADwAaAAwATQBhAGMAaQBuAHQAbwBzAGgAIABIAEQAEgBxVXNlcnMvam1laHIvQm94IFN5bmMvUmVhZGluZy9kdWN0ZWRfcm90b3Jfb3B0L1NjaGFsbGVyXzIwMDdfQSB0ZWNobmlxdWUgZm9yIHNoYXBlIG9wdGltaXphdGlvbiBvZiBkdWN0ZWQgZmFucy5wZGYAABMAAS8AABUAAgAM//8AAAAIAA0AGgAkAHsAAAAAAAACAQAAAAAAAAAFAAAAAAAAAAAAAAAAAAAC0Q==}}


@techreport{hader_2022,
	author = {Hader, Manfred and Baur, Stephan and Sachdeva, Nikhil and Schunk, Kolin and Horrnung, Mirko and Plotner, Kay and Kaiser, Jochen and Paul, Annika},
	date-added = {2023-01-19 15:22:02 -0700},
	date-modified = {2023-01-19 15:27:59 -0700},
	institution = {Bauhaus Luftfahrt and Roland Berger},
	title = { Regional Air Mobility: How to unlock a new generation of mobility},
	year = {2022},
	bdsk-file-1 = {YnBsaXN0MDDSAQIDBFxyZWxhdGl2ZVBhdGhZYWxpYXNEYXRhXxBgZHVjdGVkX3JvdG9yX29wdC9IYWRlcl8yMDIyX1JlZ2lvbmFsIEFpciBNb2JpbGl0eSBIb3cgdG8gdW5sb2NrIGEgbmV3IGdlbmVyYXRpb24gb2YgbW9iaWxpdHkucGRmTxECggAAAAACggACAAAMTWFjaW50b3NoIEhEAAAAAAAAAAAAAAAAAAAAAAAAAEJEAAH/////H0hhZGVyXzIwMjJfUmVnaW9uYSNGRkZGRkZGRi5wZGYAAAAAAAAAAAAAAAAAAAAAAAAAAAAAAAAAAAAAAAAAAP////8AAAAAAAAAAAAAAAAAAQADAAAKIGN1AAAAAAAAAAAAAAAAABBkdWN0ZWRfcm90b3Jfb3B0AAIAfy86VXNlcnM6am1laHI6Qm94IFN5bmM6UmVhZGluZzpkdWN0ZWRfcm90b3Jfb3B0OkhhZGVyXzIwMjJfUmVnaW9uYWwgQWlyIE1vYmlsaXR5IEhvdyB0byB1bmxvY2sgYSBuZXcgZ2VuZXJhdGlvbiBvZiBtb2JpbGl0eS5wZGYAAA4AoABPAEgAYQBkAGUAcgBfADIAMAAyADIAXwBSAGUAZwBpAG8AbgBhAGwAIABBAGkAcgAgAE0AbwBiAGkAbABpAHQAeQAgAEgAbwB3ACAAdABvACAAdQBuAGwAbwBjAGsAIABhACAAbgBlAHcAIABnAGUAbgBlAHIAYQB0AGkAbwBuACAAbwBmACAAbQBvAGIAaQBsAGkAdAB5AC4AcABkAGYADwAaAAwATQBhAGMAaQBuAHQAbwBzAGgAIABIAEQAEgB9VXNlcnMvam1laHIvQm94IFN5bmMvUmVhZGluZy9kdWN0ZWRfcm90b3Jfb3B0L0hhZGVyXzIwMjJfUmVnaW9uYWwgQWlyIE1vYmlsaXR5IEhvdyB0byB1bmxvY2sgYSBuZXcgZ2VuZXJhdGlvbiBvZiBtb2JpbGl0eS5wZGYAABMAAS8AABUAAgAM//8AAAAIAA0AGgAkAIcAAAAAAAACAQAAAAAAAAAFAAAAAAAAAAAAAAAAAAADDQ==},
	bdsk-file-2 = {YnBsaXN0MDDSAQIDBFxyZWxhdGl2ZVBhdGhZYWxpYXNEYXRhXxBgZHVjdGVkX3JvdG9yX29wdC9IYWRlcl8yMDIyX1JlZ2lvbmFsIEFpciBNb2JpbGl0eSBIb3cgdG8gdW5sb2NrIGEgbmV3IGdlbmVyYXRpb24gb2YgbW9iaWxpdHkucGRmTxECggAAAAACggACAAAMTWFjaW50b3NoIEhEAAAAAAAAAAAAAAAAAAAAAAAAAEJEAAH/////H0hhZGVyXzIwMjJfUmVnaW9uYSNGRkZGRkZGRi5wZGYAAAAAAAAAAAAAAAAAAAAAAAAAAAAAAAAAAAAAAAAAAP////8AAAAAAAAAAAAAAAAAAQADAAAKIGN1AAAAAAAAAAAAAAAAABBkdWN0ZWRfcm90b3Jfb3B0AAIAfy86VXNlcnM6am1laHI6Qm94IFN5bmM6UmVhZGluZzpkdWN0ZWRfcm90b3Jfb3B0OkhhZGVyXzIwMjJfUmVnaW9uYWwgQWlyIE1vYmlsaXR5IEhvdyB0byB1bmxvY2sgYSBuZXcgZ2VuZXJhdGlvbiBvZiBtb2JpbGl0eS5wZGYAAA4AoABPAEgAYQBkAGUAcgBfADIAMAAyADIAXwBSAGUAZwBpAG8AbgBhAGwAIABBAGkAcgAgAE0AbwBiAGkAbABpAHQAeQAgAEgAbwB3ACAAdABvACAAdQBuAGwAbwBjAGsAIABhACAAbgBlAHcAIABnAGUAbgBlAHIAYQB0AGkAbwBuACAAbwBmACAAbQBvAGIAaQBsAGkAdAB5AC4AcABkAGYADwAaAAwATQBhAGMAaQBuAHQAbwBzAGgAIABIAEQAEgB9VXNlcnMvam1laHIvQm94IFN5bmMvUmVhZGluZy9kdWN0ZWRfcm90b3Jfb3B0L0hhZGVyXzIwMjJfUmVnaW9uYWwgQWlyIE1vYmlsaXR5IEhvdyB0byB1bmxvY2sgYSBuZXcgZ2VuZXJhdGlvbiBvZiBtb2JpbGl0eS5wZGYAABMAAS8AABUAAgAM//8AAAAIAA0AGgAkAIcAAAAAAAACAQAAAAAAAAAFAAAAAAAAAAAAAAAAAAADDQ==}}


@phdthesis{AlvarezThesis2022,
	author = {Alvarez, Eduardo J.},
	school = {Brigham Young University},
	title = {{Reformulated Vortex Particle Method and Meshless Large Eddy Simulation of Multirotor Aircraft}},
	url = {https://scholarsarchive.byu.edu/etd/9589},
	year = {2022}
}

@software{GXBeam,
	author = {Taylor McDonnell and Andrew Ning and Tyler Critchfield},
	doi = {10.5281/zenodo.7800162},
	month = apr,
	publisher = {Zenodo},
	title = {byuflowlab/GXBeam.jl: v0.5.0},
	url = {https://doi.org/10.5281/zenodo.7800162},
	version = {v0.5.0},
	year = 2023,
	bdsk-url-1 = {https://doi.org/10.5281/zenodo.7800162}
}