@online{nasa_windtunnel,
  author = {{NASA Glenn Research Center}},
  title = {Wind Tunnel Testing of the Wright Brothers' Airplane},
  year = {2025},
  url = {https://www.grc.nasa.gov/WWW/K-12/airplane/wrights/tunnel.html},
  note = {Accessed: 2025-09-11}
}

@online{resolved_cfd_history,
  author = {{Resolved Analytics}},
  title = {History of Computational Fluid Dynamics (CFD)},
  year = {2025},
  url = {https://www.resolvedanalytics.com/cfd/history-of-cfd},
  note = {Accessed: 2025-09-11}
}

@online{sciencedirect_vortex,
  author = {{ScienceDirect Topics}},
  title = {Vortex Panel Method},
  year = {2025},
  url = {https://www.sciencedirect.com/topics/engineering/vortex-panel},
  note = {Accessed: 2025-09-11}
}